@book{threat_behaviour,
	title={How You Perceive Threat Determines Your Behavior},
	author={Orlando {Fernandes Jr.} and Liana C. L. Portugal and Rita C. S. Alves and Rafaela R. Campagnoli and Izabela Mocaiber and Isabel P. A. David and Fatima C. S. Erthal and Eliane Volchan and Leticia de Oliveira and Mirtes G. Pereira},
	year={2003},
	publisher={Journal{,} Frontier in Human Neuroscience}
}
@book{human_physiology,
	title={Human Physiology},
	author={Gilian Pocock},
	year={2006},
	publisher={Oxford University Press}
}
@book{perspective_anxiety,
	title={Perspectives in the Management of Anxiety Disorders},
	author={Ned H. Kalin},
	year={2014},
	publisher={Session of Char Summit{;} Master Class for Neuroscience Professional Development},
}
@book{CNS,
	title={Central Command Neurons of the Sympathetic Nervous System: Basis of the Fight-or-Flight Response},
	author={Arthur S. P. Jansen and Xay Van Nguyen and Vladimir Karpitskiy and Thomas C. Mettenleiter and Arthur D. Loewy},
	year={1995},
	publisher={Magazine{,} Science{,} Vol. 270{,} No. 5236}
}
@book{bodily_changes,
	title={Bodily Changes in Pain, Hunger, Fear and Rage},
	author={Walter B. Cannon},
	year={1927},
	publisher={New York and London D. Appleton and Company}
}
@book{fightflight,
	title={The Male Fight-Flight Response: A Result of SRY Regulation of Catecholamines?},
	author={Joohyung Leeand Vincent R. Harley},
	year={2012},
	publisher={Journal{,} Bioessays 34{,} WILEY Periodicals, Inc.}
}
@book{5responses,
	title={Freeze, Flight, Fight, Fright, Faint: Adaptationist Perspectives on the Acute Stress Response Spectrum},
	author={H. Stefan Bracha},
	year={2004},
	publisher={CNS SPECTRUMS}
}
@book{tendbefriend,
	title={Biobehavioral Responses to Stress in Females: Tend-and-Befriend, not Fight-or-Flight},
	author={Shelley E. Taylor and Laura Cousino Klein and Brian P. Lewis and Tara L. Gruenewald and Regan A. R. Gurung and John A. Updegraff},
	year={2000},
	publisher={Psychological Review{,} Vol. 107{,} No. 3}
}
@book{humanprocessor,
	title={The Model Human Processor: An Engineering Model of Human Performance},
	author={S. K. Card and T. P. Moran and A. Newell},
	year={1986},
	publisher={UIR{-}R{-}1986{-}05}
}